 @article{cite:1,
  author = {V.T. Lahtinen and J.K. Pachos},
  title = {A Short Introduction to Topological Quantum Computation},
  journal = {SciPost Physics},
  month = sep,
  year = 2017
  }

 @article{cite:2,
  author = {Sankar Das Sarma and Michael Freedman and Chetan Nayak},
  title = {Topologically-Protected Qubits from a Possible Non-Abelian Fractional Quantum Hall State},
  journal = {Physical Review Letters},
  month = may,
  year = 2005,
  }

 @article{Ho_2017,
	doi = {10.1209/0295-5075/118/40001},
  
	url = {https://doi.org/10.1209%2F0295-5075%2F118%2F40001},
  
	year = 2017,
	month = {may},
  
	publisher = {{IOP} Publishing},
  
	volume = {118},
  
	number = {4},
  
	pages = {40001},
  
	author = {C.-L. Ho and T. Deguchi},
  
	title = {Multi-qudit states generated by unitary braid quantum gates based on Temperley-Lieb algebra},
  
	journal = {{EPL} (Europhysics Letters)}
}

@article{Ho_2010,
	doi = {10.1209/0295-5075/92/30002},
  
	url = {https://doi.org/10.1209%2F0295-5075%2F92%2F30002},
  
	year = 2010,
	month = {nov},
  
	publisher = {{IOP} Publishing},
  
	volume = {92},
  
	number = {3},
  
	pages = {30002},
  
	author = {C.-L. Ho and A. I. Solomon and C.-H. Oh},
  
	title = {Quantum entanglement, unitary braid representation and Temperley-Lieb algebra},
  
	journal = {{EPL} (Europhysics Letters)}
}

@misc{https://doi.org/10.48550/arxiv.quant-ph/0101025,
  doi = {10.48550/ARXIV.QUANT-PH/0101025},
  
  url = {https://arxiv.org/abs/quant-ph/0101025},
  
  author = {Freedman, Michael H. and Kitaev, Alexei and Larsen, Michael J. and Wang, Zhenghan},
  
  keywords = {Quantum Physics (quant-ph), Geometric Topology (math.GT), FOS: Physical sciences, FOS: Physical sciences, FOS: Mathematics, FOS: Mathematics},
  
  title = {Topological Quantum Computation},
  
  publisher = {arXiv},
  
  year = {2001},
  
  copyright = {Assumed arXiv.org perpetual, non-exclusive license to distribute this article for submissions made before January 2004}
}
@article{Nayak_2008,
	doi = {10.1103/revmodphys.80.1083},
  
	url = {https://doi.org/10.1103%2Frevmodphys.80.1083},
  
	year = 2008,
	month = {sep},
  
	publisher = {American Physical Society ({APS})},
  
	volume = {80},
  
	number = {3},
  
	pages = {1083--1159},
  
	author = {Chetan Nayak and Steven H. Simon and Ady Stern and Michael Freedman and Sankar Das Sarma},
  
	title = {Non-Abelian anyons and topological quantum computation},
  
	journal = {Reviews of Modern Physics}
}

@misc{https://doi.org/10.48550/arxiv.2208.11762,
  doi = {10.48550/ARXIV.2208.11762},
  
  url = {https://arxiv.org/abs/2208.11762},
  
  author = {Rowell, Eric C.},
  
  keywords = {Quantum Physics (quant-ph), Quantum Algebra (math.QA), FOS: Physical sciences, FOS: Physical sciences, FOS: Mathematics, FOS: Mathematics, 20F36, 18D10, 58D30},
  
  title = {Braids, Motions and Topological Quantum Computing},
  
  publisher = {arXiv},
  
  year = {2022},
  
  copyright = {arXiv.org perpetual, non-exclusive license}
}

@article{Kauffman_2004,
	doi = {10.1088/1367-2630/6/1/134},
  
	url = {https://doi.org/10.1088%2F1367-2630%2F6%2F1%2F134},
  
	year = 2004,
	month = {oct},
  
	publisher = {{IOP} Publishing},
  
	volume = {6},
  
	pages = {134--134},
  
	author = {Louis H Kauffman and Samuel J Lomonaco},
  
	title = {Braiding operators are universal quantum gates},
  
	journal = {New Journal of Physics}
}